<?xml version="1.0" encoding="UTF-8"?><collection xmlns="http://www.loc.gov/MARC21/slim"><record><leader>00454nam--2200121-i-4500</leader><controlfield tag="001">000007907</controlfield><controlfield tag="002">20161230</controlfield><controlfield tag="005">20161230201027</controlfield><controlfield tag="008">060222s1000------------r-----000-0-eng-d</controlfield><datafield ind1=" " ind2=" " tag="080"><subfield code="a">62.001.86:017:608</subfield></datafield><datafield ind1=" " ind2=" " tag="245"><subfield code="a">Catalogul lucrarilor privind experienta inaint ata a intreprinderilor si fruntasilor in produ ctie si a inkovatiilor publicate de i.d.t. in anul 1965</subfield></datafield><datafield ind1=" " ind2=" " tag="260"><subfield code="a">Bucuresti, Institutul Central De Documentare T Ehnica, 1968. 300 P</subfield></datafield><datafield ind1=" " ind2=" " tag="852"><subfield code="a">D2073</subfield></datafield></record></collection>